@misc{diffusion_illusions,
    title={Diffusion Illusions: Hiding Images in Plain Sight},
    author={Ryan Burgert and Xiang Li and Abe Leite and Kanchana Ranasinghe and Michael S. Ryoo},
    year={2023},
    eprint={2312.03817},
    archivePrefix={arXiv},
    primaryClass={cs.CV},
}
@misc{sdxl_turbo,
    title={SDXL-Turbo},
    author={Stability AI},
    howpublished = {\url{https://huggingface.co/stabilityai/sdxl-turbo}}
}
@misc{sdxl,
    title={SDXL: Improving Latent Diffusion Models for High-Resolution Image Synthesis},
    author={Dustin Podell and Zion English and Kyle Lacey and Andreas Blattmann and Tim Dockhorn and Jonas MÃ¼ller and Joe Penna and Robin Rombach},
    year={2023},
    eprint={2307.01952},
    archivePrefix={arXiv},
    primaryClass={cs.CV},
}